@misc{ai-wikipedia,
  author={Wikipedia},
  title={Künstliche Intelligenz},
  url={https://de.wikipedia.org/wiki/K%C3%BCnstliche_Intelligenz},
  urldate={2023-04-20},
  year={2023}
}

@misc{clickworker,
  author       = {clickworker},
  title        = {Wie Künstliche Intelligenz Systeme trainiert werden},
  url = {https://www.clickworker.de/kunden-blog/kuenstliche-intelligenz-systeme-trainieren/},
}

@book{example,
  title={The Title of the Book},
  author={The Author},
  publisher={The Publisher},
  year={2017},
}